<?xml version="1.0" encoding="UTF-8"?><record xmlns="http://www.loc.gov/MARC21/slim" xmlns:cinclude="http://apache.org/cocoon/include/1.0" xmlns:zs="http://www.loc.gov/zing/srw/">
  <leader>01072cz  a2200265n  4500</leader>
  <controlfield tag="001">no2001014126</controlfield>
  <controlfield tag="003">DLC</controlfield>
  <controlfield tag="005">20140226143450.0</controlfield>
  <controlfield tag="008">010221n| azannaabn          |a aaa      </controlfield>
  <datafield tag="010" ind1=" " ind2=" ">
    <subfield code="a">no2001014126</subfield>
  </datafield>
  <datafield tag="035" ind1=" " ind2=" ">
    <subfield code="a">(OCoLC)oca05421419</subfield>
  </datafield>
  <datafield tag="040" ind1=" " ind2=" ">
    <subfield code="a">SaPSL</subfield>
    <subfield code="b">eng</subfield>
    <subfield code="e">rda</subfield>
    <subfield code="c">SaPSL</subfield>
    <subfield code="d">InU</subfield>
    <subfield code="d">OCoLC</subfield>
    <subfield code="d">SaPrNL</subfield>
  </datafield>
  <datafield tag="042" ind1=" " ind2=" ">
    <subfield code="a">sanb</subfield>
  </datafield>
  <datafield tag="046" ind1=" " ind2=" ">
    <subfield code="f">19560207</subfield>
  </datafield>
  <datafield tag="053" ind1=" " ind2="0">
    <subfield code="a">PT6592.12.O775</subfield>
  </datafield>
  <datafield tag="100" ind1="1" ind2=" ">
    <subfield code="a">Boshoff, Johann P.,</subfield>
    <subfield code="d">1956-</subfield>
  </datafield>
  <datafield tag="370" ind1=" " ind2=" ">
    <subfield code="e">Rosendal (South Africa)</subfield>
  </datafield>
  <datafield tag="371" ind1=" " ind2=" ">
    <subfield code="a">2 Kriek Street</subfield>
    <subfield code="b">Rosendal</subfield>
    <subfield code="c">Free State</subfield>
    <subfield code="d">South Africa</subfield>
    <subfield code="e">9720</subfield>
    <subfield code="m">jpboshoff@webmail.co.za</subfield>
  </datafield>
  <datafield tag="375" ind1=" " ind2=" ">
    <subfield code="a">male</subfield>
  </datafield>
  <datafield tag="377" ind1=" " ind2=" ">
    <subfield code="a">afr</subfield>
  </datafield>
  <datafield tag="400" ind1="1" ind2=" ">
    <subfield code="a">Boshoff, Johannes Petrus,</subfield>
    <subfield code="d">1956-</subfield>
  </datafield>
  <datafield tag="670" ind1=" " ind2=" ">
    <subfield code="a">Bloot, 1998:</subfield>
    <subfield code="b">t.p. (Johann P. Boshoff)</subfield>
  </datafield>
  <datafield tag="670" ind1=" " ind2=" ">
    <subfield code="a">SoĚ moet julle dan bid--, 1998:</subfield>
    <subfield code="b">t.p. (Johann Boshoff)</subfield>
  </datafield>
  <datafield tag="670" ind1=" " ind2=" ">
    <subfield code="a">SANB correspondence with author, Nov. 30, 1999</subfield>
    <subfield code="b">(full name: Boshoff, Johannes Petrus; pen name: Boshoff, Johann P.; date of birth: February 7, 1956)</subfield>
  </datafield>
  <datafield tag="670" ind1=" " ind2=" ">
    <subfield code="a">Skryfsels, 2001-2004, 2004:</subfield>
    <subfield code="b">t.p. (Johann P. Boshoff) p. 2 of cover (Johann P. Boshoff, 2 Kriek Street, Rosendal 9720; jpboshoff@webmail.co.za)</subfield>
  </datafield>
</record>